@book{aho1974,
    added-at = {2009-08-29T18:11:31.000+0200},
    address = {Reading, Mass.},
    author = {Aho, Alfred V. and Hopcroft, John E. and Ullman, Jeffrey D.},
    biburl = {https://www.bibsonomy.org/bibtex/2d8bc364387503c35ef37a791499b4090/n770},
    interhash = {14ea95ee97ac81f0607df8ab814fff74},
    intrahash = {d8bc364387503c35ef37a791499b4090},
    keywords = {imported},
    publisher = {Addison-Wesley},
    timestamp = {2009-08-29T18:12:13.000+0200},
    title = {{The Design and Analysis of Computer Algorithms}},
    year = 1974
}
