@book{gametheory-2012,
    title = {Теория игр},
    author = {Л.А. Петросян AND Н.А. Зенкевич AND Е.В. Шевкопляс},
    publisher = {Санкт-Петербург: БХВ-Петербург},
    year = {2012},
    pages = {432},
    edition = {2},
    isbn = {978-5-9775-0484-3}
}

@book{pontryagin-1983,
    title = {Математическая теория оптимальных процессов},
    author = {Л.С. Понтрягин},
    year = {1983},
    edition = {4},
}

@online{wiki-braess-ru,
    title = {Парадокс Браеса},
    url = {https://ru.wikipedia.org/wiki/%D0%9F%D0%B0%D1%80%D0%B0%D0%B4%D0%BE%D0%BA%D1%81_%D0%91%D1%80%D0%B0%D0%B5%D1%81%D0%B0},
    urldate = {2025-01-12}
}

@book{vagner-2-1983,
    title = {Основы исследования операций},
    author = {Г.Вагнер},
    publisher = {Москва: Мир},
    year = {1973},
    pages = {479},
    edition = {2}
}